<record><leader>00000cas a22000007a 4500</leader><controlfield tag="001">11715121</controlfield><controlfield tag="008">850220d19uu195unyuwr ne      0    0eng d</controlfield><datafield ind1=" " ind2=" " tag="010"><subfield code="a">sn 85054418 </subfield></datafield><datafield ind1=" " ind2=" " tag="040"><subfield code="a">NYG</subfield><subfield code="b">eng</subfield><subfield code="c">NYG</subfield><subfield code="d">NPX</subfield><subfield code="d">NYG</subfield><subfield code="d">NYS</subfield><subfield code="d">OCLCQ</subfield></datafield><datafield ind1=" " ind2=" " tag="042"><subfield code="a">msc</subfield></datafield><datafield ind1="0" ind2=" " tag="130"><subfield code="a">Waterville times and hop reporter (Waterville, N.Y. : 1937)</subfield></datafield><datafield ind1="1" ind2="4" tag="245"><subfield code="a">The Waterville times and hop reporter.</subfield></datafield><datafield ind1=" " ind2=" " tag="260"><subfield code="a">Waterville, N.Y. :</subfield><subfield code="b">Orrin Terry</subfield></datafield><datafield ind1=" " ind2=" " tag="300"><subfield code="a">v. :</subfield><subfield code="b">ill. ;</subfield><subfield code="c">56 cm.</subfield></datafield><datafield ind1=" " ind2=" " tag="310"><subfield code="a">Weekly</subfield></datafield><datafield ind1=" " ind2=" " tag="588"><subfield code="a">Description based on: Vol. 80, no. 52 (Nov. 18, 1937).</subfield></datafield><datafield ind1=" " ind2="4" tag="651"><subfield code="a">Waterville (N.Y.)</subfield><subfield code="v">Newspapers.</subfield></datafield><datafield ind1=" " ind2=" " tag="752"><subfield code="a">United States</subfield><subfield code="b">New York</subfield><subfield code="c">Oneida</subfield><subfield code="d">Waterville.</subfield></datafield><datafield ind1="0" ind2="0" tag="780"><subfield code="t">Waterville times (Waterville, N.Y. : 1928)</subfield><subfield code="w">(DLC)sn 85054417</subfield></datafield><datafield ind1="0" ind2="0" tag="785"><subfield code="t">Waterville times (Waterville, N.Y. : 1957)</subfield><subfield code="w">(DLC)sn 84031475</subfield></datafield><datafield ind1="1" ind2=" " tag="029"><subfield code="a">AU@</subfield><subfield code="b">000020369153</subfield></datafield></record>